

@InCollection{claer:1997,
  author = 	 {Matthias Schwab and Martin Karrenbach and Jon Claerbout},
  title = 	 {Making Scientific Computitations Reproducible},
  booktitle = 	 {Stanford Exploration Porject, Report 92},
  OPTcrossref =  {},
  OPTkey = 	 {},
  pages = 	 {317--335},
  OPTpublisher = {},
  year = 	 {1997},
  OPTeditor = 	 {},
  volume = 	 {92},
  OPTnumber = 	 {},
  OPTseries = 	 {},
  OPTtype = 	 {},
  OPTchapter = 	 {},
  OPTaddress = 	 {},
  OPTedition = 	 {},
  month = 	 {November 12},
  OPTnote = 	 {},
  OPTannote = 	 {}
}

@InProceedings{heiberger:dsc:2001,
  author =       {Richard M. Heiberger},
  title =        {Emacs {S}peaks {S}tatistics: One Interface --- Many Programs},
  booktitle =    {Proceedings of the 2nd International Workshop on
                  Distributed Statistical Computing (DSC 2001)},
  OPTcrossref =  {},
  OPTkey =       {},
  OPTpages =     {},
  year =         {2001},
  editor =       {Kurt Hornik and Friedrich Leisch},
  OPTvolume =    {},
  OPTnumber =    {},
  OPTseries =    {},
  OPTaddress =   {},
  OPTmonth =     {},
  organization = {Technische Universit{\"a}t Wien, Vienna, Austria},
  OPTpublisher = {},
  note =         {\url{http://www.ci.tuwien.ac.at/Conferences/DSC.html},
                  ISSN 1609-395X},
  OPTannote =    {}
}

@InProceedings{rossini:dsc:2001,
  author =       {A.J. Rossini},
  title =        {Literate Statistical Practice},
  booktitle =    {Proceedings of the 2nd International Workshop on
                  Distributed Statistical Computing (DSC 2001)},
  OPTcrossref =  {},
  OPTkey =       {},
  OPTpages =     {},
  year =         {2001},
  editor =       {Kurt Hornik and Friedrich Leisch},
  OPTvolume =    {},
  OPTnumber =    {},
  OPTseries =    {},
  OPTaddress =   {},
  OPTmonth =     {},
  organization = {Technische Universit{\"a}t Wien, Vienna, Austria},
  OPTpublisher = {},
  note =         {\url{http://www.ci.tuwien.ac.at/Conferences/DSC.html},
                  ISSN 1609-395X},
  OPTannote =    {}
}

@article{vell:prat:1989,
    Author = {Velleman, Paul F. and Pratt, Paul},
    Title = {A Graphical Interface for Data Analysis},
    Year = 1989,
    Journal = {Journal of Statistical Computation and Simulation},
    Volume = 32,
    Pages = {223--228},
    Keywords = {Exploratory data analysis}
}

%% --- WinBUGS ---

@TechReport{SpieThomBest:1999,
  author =       {D.J. Spiegelhalter and A. Thomas and N.G. Best},
  title =        {WinBUGS Version 1.2 User Manual},
  institution =  {MRC Biostatistics Unit},
  year =         {1999},
  OPTkey =       {},
  OPTtype =      {},
  OPTnumber =    {},
  OPTaddress =   {},
  OPTmonth =     {},
  OPTnote =      {},
  annote =       {WinBUGS cite.}
}

%%--- Emacs books : --------

@Book{RMS:2000,
  author =       {Richard M. Stallman},
  ALTeditor =    {},
  title =        {GNU Emacs Manual, for Version 20.7},
  publisher =    {Free Software Foundation},
  year =         {2000},
  OPTkey =       {},
  OPTvolume =    {},
  OPTnumber =    {},
  OPTseries =    {},
  OPTaddress =   {},
  edition =      {13th},
  OPTmonth =     {},
  OPTnote =      {},
  annote =       {ISBN: 1-882114-07-8}
}


%%--- Lisp books : --------

@Book{RChassell1999,
  author =       {Robert Chassell},
  ALTeditor =    {},
  title =        {Programming in Emacs Lisp: An Introduction},
  publisher =    {Free Software Foundation,
          \url{ftp://alpha.gnu.org/gnu/emacs-lisp-intro-2.00.tar.gz}},
  year =         {1999},
  OPTkey =       {},
  OPTvolume =    {},
  OPTnumber =    {},
  OPTseries =    {},
  OPTaddress =   {},
  edition =      {2nd},
  OPTmonth =     {},
  OPTnote =      {},
  annote =       {ISBN: 1-882114-42-6}
}


@Book{PGraham:1996,
  author =       {Paul Graham},
  ALTeditor =    {},
  title =        {ANSI Common Lisp},
  publisher =    {Prentice Hall},
  year =         {1996},
  OPTkey =       {},
  OPTvolume =    {},
  OPTnumber =    {},
  OPTseries =    {},
  OPTaddress =   {},
  OPTedition =   {},
  OPTmonth =     {},
  OPTnote =      {},
  annote =       {Great Lisp book for learning}
}



%%--- The 3 S books : --------

@Book{BecRCW88,
  author =       {Richard A. Becker  and John M. Chambers and Allan R. Wilks},
  title =        {The S Language; A Programming Environment for Data
                  Analysis and Graphics},
  publisher =    {Wadsworth \& Brooks/Cole},
  address =     {Pacific Grove},
  year =         1988
}

@Book{ChaJH92,
  author =       {John M. Chambers and Trevor J. Hastie},
  title =        {Statistical Models in S},
  publisher =    {Wadsworth \& Brooks/Cole},
  year =         1992
}

@Book{ChaJ98,
  author =       {John M. Chambers},
  title =        {Programming with Data; A Guide to the S Language},
  publisher =    {Springer-Verlag, New York},
  year =         1998
}

%%--------- Other books : ----------------

@book{Tier90,
  author = "Tierney, Luke",
  title  = "Lisp-Stat: An Object-Oriented Environment for Statistical
            Computing  and Dynamic Graphics",
  publisher = "John Wiley \& Sons",
  year = 1990,
  address = "New York"
}



@Book{Cook:Weisberg:1999,
  author =       {R. Dennis Cook and Sanford Weisberg},
  ALTeditor =    {},
  title =        {Applied Regression Including Computing and Graphics},
  publisher =    {John Wiley \& Sons},
  year =         {1999},
  OPTkey =       {},
  OPTvolume =    {},
  OPTnumber =    {},
  OPTseries =    {},
  OPTaddress =   {},
  OPTedition =   {1},
  month =        {August},
  OPTnote =      {},
  OPTannote =    {ISBN 0-471-31711-X}
}

%% Literate Programming and Tools

@Book{Knuth:1992,
  author =       {Donald E. Knuth},
  ALTeditor =    {},
  title =        {Literate Programming},
  publisher =    {Center for the Study of Language and Information},
  year =         {1992},
  OPTkey =       {},
  OPTvolume =    {},
  number =       {27},
  series =       {CSLI Lecture Notes},
  OPTaddress =   {},
  OPTedition =   {},
  OPTmonth =     {},
  OPTnote =      {},
  OPTannote =    {Primary citation for literate programming}
}

@Article{NRamsey:1994,
  author =       {Norman Ramsey},
  title =        {Literate programming simplified},
  journal =      {IEEE Software},
  year =         {1994},
  OPTkey =       {},
  volume =       {11},
  number =       {5},
  pages =        {97--105},
  month =        {September},
  OPTnote =      {},
  OPTannote =    {Primary Noweb citation}
}

%%-------------- Web Citations -------------


%%-------------- Articles, Reports ---------------

@article{youn:lubi:1995,
  Author =       {Young, Forrest W. and Lubinsky, David J.},
  Title =        {Guiding Data Analysts With Visual Statistical
                  Strategies (Disc: P251--260)},
  Year =         1995,
  Journal =      {Journal of Computational and Graphical Statistics},
  Volume =       4,
  Pages =        {229--250},
  Keywords =     {Graphics; Software; [Artificial intelligence];
                  [Cognitive science]; [Hypertext]; [Lisp-Stat];
                  [Program visualization]; [Statistical system
                  design]; [ViSta]; [Visual programming]}
}

@inproceedings{youn:fald:mcfa:1992,
  Author =       {Young, Forrest W. and Faldowski, Richard A. and
                  McFarlane, Mary M.},
  Title =        {{ViSta}: {A} Visual Statistics Research and
                  Development Testbed},
  Year =         1992,
  Booktitle =    {Computing Science and Statistics. Proceedings of the
                  24rd Symposium on the Interface},
  Publisher =    {Interface Foundation of North America (Fairfax
                  Station, VA)},
  Pages =        {224--233},
  Keywords =     {Graphics; Software}
}

@article{ihak:gent:1996,
  Author =       {Ihaka, Ross and Gentleman, Robert},
  Title =        {R: {A} Language for Data Analysis and Graphics},
  Year =         1996,
  Journal =      {Journal of Computational and Graphical Statistics},
  Volume =       5,
  Pages =        {299--314},
  Keywords =     {Computer language; Statistical computing}
}


@TechReport{ross:lunt:2001,
  author =       {Rossini, A.J. and Lunt, Mark},
  title =        {Literate Statistical Analysis},
  institution =  {University of Washington, Biostatistics},
  year =         2001
}

%% --- Omegahat

@Article{DTLang:2000,
  author =       {Duncan {Temple Lang}},
  title =        {The Omegahat Environment: New Possibilities for Statistical Computing},
  journal =      {Journal of Computational and Graphical Statistics},
  year =         {2000},
  OPTkey =       {},
  volume =       {9},
  number =       {3},
  OPTpages =     {},
  month =        {September},
  OPTnote =      {},
  annote =       {primary citation for Omegahat}
}

%% --- Stata

%% StataCorp. 1999. Stata Statistical Software: Release 6.0. College
%%     Station, TX: Stata Corporation.

@Misc{Stata:6.0,
  OPTkey =       {},
  author =       {StataCorp},
  title =        {Stata Statistical Software: Release 6.0},
  OPThowpublished = {},
  OPTmonth =     {},
  year =         {1999},
  note =         {College Station, TX: Stata Corporation},
  OPTannote =    {primary citation for Stata}
}

@Misc{Stata:7.0,
  OPTkey =       {},
  author =       {StataCorp},
  title =        {Stata Statistical Software: Release 7.0},
  OPThowpublished = {},
  OPTmonth =     {},
  year =         {2000},
  note =         {College Station, TX: Stata Corporation},
  OPTannote =    {primary citation for Stata}
}

%% --- SAS

@Misc{SAS:8,
  OPTkey =       {},
  author =       {{SAS Institute Inc.}},
  title =        {\textsc{SAS}$^{\mbox{\scriptsize{\textregistered}}}$
                  Software Version 8},
  OPThowpublished = {},
  OPTmonth =     {},
  year =         {1999},
  note =         {Cary, NC, USA: SAS Institute Inc.},
  OPTannote =    {primary citation for SAS}
}

%% --- BUGS ---

@Book{BUGS,
  author =       {{MRC Biostatistics Unit}},
  title =        {Bayesian Inference Using {G}ibbs Sampling (BUGS)},
  year =         {1996--2001},
  publisher =   {\url{http://www.mrc-bsu.cam.ac.uk/bugs/welcome.shtml}},
  annote =       {primary cite for BUGS}
}

%% --- XEmacs ---

@Book{XEmacs,
  author =       {{The XEmacs Project}},
  title =        {XEmacs 21},
  year =         {2001},
  publisher =   {\url{http://www.xemacs.org}},
  annote =    {primary cite for XEmacs}
}

%% --- GNU Emacs ---

@Book{GNU-Emacs,
  author =       {{Free Software Foundation}},
  title =        {Emacs 21},
  year =         {2001},
  publisher =   {\url{http://www.gnu.org/software/emacs/emacs.html}},
  annote =    {primary cite for GNU Emacs}
}

%% --- S-PLUS

@Misc{Splus,
  OPTkey =       {},
  author =       {{Insightful Corp.}},
  title =        {S-{P}LUS Statistical Software: Release 6.0},
  OPThowpublished = {},
  OPTmonth =     {},
  year =         {2001},
  note =         {Seattle, WA: MathSoft},
  OPTannote =    {primary citation for S-PLUS}
}

%% --- R

@Misc{R,
  author       = {{R Development Core Team}},
  title	       = {R 1.6.0},
  month	       = {October},
  year	       = 2002,
  url	       = {http://www.R-project.org/},
}

%% --- ESS

@Book{ESS,
  author =       {A.J. Rossini and Martin M{\"a}chler and Kurt
                  Hornik and Richard M. Heiberger and Rodney A. Sparapani},
  title =        {{ESS (Emacs Speaks Statistics)}},
  year =         {2002},
  publisher =    {\url{http://www.analytics.washington.edu/downloads/ess/}},
  note =         {This is the url for downloading the current release of ESS.}
}

@Misc{SASMODE,
  OPTkey =       {},
  author =       {Tom Cook},
  title =        {{SAS} mode for {Emacs}},
  OPThowpublished = {},
  OPTmonth =     {},
  year =         {1995},
  note =         {\url{ftp://ftp.biostat.wisc.edu/pub/cook/sas-mode/sas.tar.gz}},
  OPTannote =    {primary citation for SAS mode}
}



@TechReport{RMHHS:2001,
  author = 	 {A.J. Rossini and Martin M{\"a}chler and Kurt
                  Hornik and Richard M. Heiberger and Rodney A. Sparapani},
  title = 	 {Emacs {S}peaks {S}tatistics: A Universal Interface for
                  Statistical Analysis},
  institution =  {University of Washington Biostatistics},
  year = 	 {2001},
  OPTkey = 	 {},
  OPTtype = 	 {},
  number = 	 {173},
  OPTaddress = 	 {},
  OPTmonth = 	 {},
  note = 	 {\url{http://www.bepress.com/cgi/viewcontent.cgi?article=1002&context=uwbiostat}},
  OPTannote = 	 {Technical report describing ESS}
}

@Comment @Misc{RMHHS:2001,
@Comment   OPTkey =       {},
@Comment   author =       {A.J. Rossini and Martin M{\"a}chler and Kurt
@Comment                   Hornik and Richard M. Heiberger and Rodney A. Sparapani},
@Comment   title =        {Emacs {S}peaks {S}tatistics: A Universal Interface for
@Comment                   Statistical Analysis},
@Comment   howpublished = {University of Washington Biostatistics Technical Report \#164},
@Comment   OPTmonth =     {},
@Comment   year =         {2001},
@Comment   note =         {\url{http://software.biostat.washington.edu/statsoft/ess/ess-techrep.pdf}},
@Comment   OPTannote =    {Technical report describing ESS}
@Comment }

@Misc{heiberger:philasugi:2001,
  OPTkey =       {},
  author =       {Richard M. Heiberger},
  title =        {{ESS (Emacs Speaks Statistics)} as a User Interface to {SAS}},
  OPThowpublished = {},
  OPTmonth =     {},
  year =         {2001},
  howpublished =         {\url{http://philasug.org/Heiberger/ESS.htm}},
  note =    {Presentation to Philadelphia SAS User's Group,
                  November 12, 2001}
}
